% https://citedrive.medium.com/how-to-cite-a-website-in-latex-using-bibtex-and-biblatex-763770172cb5
@online{containerd-vs-docker,
  author = {Savannah Ostrowski},
  title = {containerd vs. Docker: Understanding Their Relationship and How They Work Together},
  url = {https://www.docker.com/blog/containerd-vs-docker},
  urldate = {2024-11-23},
  year = {2024}
}
@online{runc,
% 人名のような省略になる
%  author = {Open Container Initiative},
  title = {runc},
  author ={{Open Container Initiative}},  
  url = {https://github.com/opencontainers/runc},
  urldate = {2024-11-23},
  year = {2015}
}
@online{manifesto,
  author={Solomon Hykes},
  title={Introducing runC: a lightweight universal container runtime},
  url={https://www.docker.com/blog/runc/},
  urldate = {2024-11-24},
  year={2015}
}
@online{libcontainer,
  author ={{Open Container Initiative}},
  title = {libcontainer},
  url = {https://pkg.go.dev/github.com/opencontainers/runc@v1.2.2/libcontainer#Container},
  urldate = {2024-11-26},
  year = {2024}
}
@online{rdt,
  title = {インテル\copyright リソース・ディレクター・テクノロジー (インテル\copyright RDT)},
  url = {https://www.intel.co.jp/content/www/jp/ja/architecture-and-technology/resource-director-technology.html},
  year={2015}, % https://dl.acm.org/doi/abs/10.1145/3534879.3534882
  urldate = {2024-11-26},
}
@online{criu,
  title = {{CRIU}},
  url = {https://criu.org/Main_Page},
  year={2011}, % https://en.wikipedia.org/wiki/CRIU#cite_note-3
  urldate = {2024-11-26}
}
@online{pty,
  author={Michael Kerrisk},
  title = {{pty(7) - Linux manual page}},
  url = {https://man7.org/linux/man-pages/man7/pty.7.html},
  year={2024},
  urldate = {2024-11-29}
}
@online{ioctl,
  author={Michael Kerrisk},
  title = {{TIOCSCTTY(2const) - Linux manual page}},
  url = {https://man7.org/linux/man-pages/man2/TIOCSCTTY.2const.html},
  year={2024},
  urldate = {2024-11-30}
}
@online{namespaces,
  author={Michael Kerrisk},
  title = {{namespaces(7) - Linux manual page}},
  url = {https://man7.org/linux/man-pages/man7/namespaces.7.html},
  year={2024},
  urldate = {2024-11-30}
}
@online{epoll,
  author={Michael Kerrisk},
  title = {{epoll(7) - Linux manual page}},
  url = {https://man7.org/linux/man-pages/man7/epoll.7.html},
  year={2024},
  urldate = {2024-12-03}
}
@online{clone,
  author={Michael Kerrisk},
  title = {{clone(2) - Linux manual page}},
  url = {https://man7.org/linux/man-pages/man2/clone.2.html},
  year={2024},
  urldate = {2024-12-03}
}
@article{advancedunix,
author = {Teodorovici, Vasile G.},
title = {Advanced programming in the UNIX environment, third edition by W. Richard Stevens and Stephen A. Rago},
year = {2013},
issue_date = {November 2013},
publisher = {Association for Computing Machinery},
address = {New York, NY, USA},
volume = {38},
number = {6},
issn = {0163-5948},
url = {https://doi.org/10.1145/2532780.2532798},
doi = {10.1145/2532780.2532798},
journal = {SIGSOFT Softw. Eng. Notes},
month = nov,
pages = {45},
numpages = {1}
}
